@book{resnick2008extreme,
  title={Extreme Values, Regular Variation, and Point Processes},
  author={Resnick, S.I.},
  isbn={9780387759524},
  lccn={2007936937},
  series={Applied probability},
  url={https://books.google.com/books?id=co0pcjNEpasC},
  year={2008},
  publisher={Springer}
}
@article{EiSe2009,
 ISSN = {00905364, 21688966},
 URL = {http://www.jstor.org/stable/30243733},
 author = {John H. J. Einmahl and Johan Segers},
 journal = {The Annals of Statistics},
 number = {5B},
 pages = {2953--2989},
 publisher = {Institute of Mathematical Statistics},
 title = {Maximum Empirical Likelihood Estimation of the Spectral Measure of an Extreme-Value Distribution},
 urldate = {2023-03-06},
 volume = {37},
 year = {2009}
}
@article{KiRoSeWa2019,
author = {Anna Kiriliouk and Holger Rootz\'en and Johan Segers and Jennifer L. Wadsworth},
title = {Peaks Over Thresholds Modeling With Multivariate Generalized Pareto Distributions},
journal = {Technometrics},
volume = {61},
number = {1},
pages = {123-135},
year  = {2019},
publisher = {Taylor & Francis},
doi = {10.1080/00401706.2018.1462738},
}
@article{PaRiSi2010,
  author = {S. A. Padoan and M. Ribatet and S. A. Sisson},
  title = {Likelihood-Based Inference for Max-Stable Processes},
  journal = {Journal of the American Statistical Association},
  volume = {105},
  number = {489},
  pages = {263-277},
  year  = {2010},
  publisher = {Taylor & Francis},
  doi = {10.1198/jasa.2009.tm08577}
}
@inproceedings{neiman2009water,
  title={A water vapour flux tool for precipitation forecasting},
  author={Neiman, Paul J and White, Allen B and Ralph, F Martin and Gottas, Daniel J and Gutman, Seth I},
  booktitle={Proceedings of the Institution of Civil Engineers-Water Management},
  volume={162},
  pages={83--94},
  year={2009},
  organization={Thomas Telford Ltd},
  doi = {10.1680/wama.2009.162.2.83}
}
@article{berrisford2011atmospheric,
  title={Atmospheric conservation properties in {ERA}-Interim},
  author={Berrisford, Paul and K{\aa}llberg, P and Kobayashi, S and Dee, D and Uppala, S and Simmons, AJ and Poli, P and Sato, H},
  journal={Quarterly Journal of the Royal Meteorological Society},
  volume={137},
  number={659},
  pages={1381--1399},
  year={2011},
  publisher={Wiley Online Library},
  doi = {10.1002/qj.864}
}
@article{dee2011era,
  title={The {ERA}-Interim reanalysis: {C}onfiguration and performance of the data assimilation system},
  author={Dee, Dick P and Uppala, SM and Simmons, AJ and Berrisford, Paul and Poli, P and Kobayashi, S and Andrae, U and Balmaseda, MA and Balsamo, G and Bauer, P and others},
  journal={Quarterly Journal of the Royal Meteorological Society},
  volume={137},
  number={656},
  pages={553--597},
  year={2011},
  publisher={Wiley Online Library},
  doi={10.1002/qj.828}
}
@article{hersbach2020era5,
  title={The {ERA5} global reanalysis},
  author={Hersbach, Hans and Bell, Bill and Berrisford, Paul and Hirahara, Shoji and Hor{\'a}nyi, Andr{\'a}s and Mu{\~n}oz-Sabater, Joaqu{\'\i}n and Nicolas, Julien and Peubey, Carole and Radu, Raluca and Schepers, Dinand and others},
  journal={Quarterly Journal of the Royal Meteorological Society},
  volume={146},
  number={730},
  pages={1999--2049},
  year={2020},
  publisher={Wiley Online Library},
  doi={10.1002/qj.3803}
}
@article{Ferguson74,
    author = {Ferguson, Thomas S.},
    title = {Prior Distributions on Spaces of Probability Measures},
    year = {1974},
    journal = {The Annals of Statistics},
    volume = {2},
    pages = {615--629},
    keywords = {Bayes nonparametric; Dirichlet process; Adaptive sampling with recall; Nonparametric},
    CISid = {13703},
    doi={10.1214/aos/1176342752}
}
@article{Antoniak1974,
 ISSN = {00905364},
 author = {Charles E. Antoniak},
 journal = {The Annals of Statistics},
 number = {6},
 pages = {1152--1174},
 publisher = {Institute of Mathematical Statistics},
 title = {Mixtures of {D}irichlet Processes with Applications to {B}ayesian Nonparametric Problems},
 volume = {2},
 year = {1974},
 doi={10.1214/aos/1176342871}
}

@BOOK{coles2001,
  title = {An Introduction to Statistical Modelling of Extreme Values},
  publisher = {Springer},
  year = {2001},
  author = {Coles, S. G.},
  isbn={978-1-85233-459-8},
  doi={10.1007/978-1-4471-3675-0}
}
@article{falk2008,
author = {Falk, Michael and Guillou, Armelle},
year = {2008},
pages = {715-734},
title = {Peaks-over-Threshold stability of multivariate generalized {P}areto distributions},
volume = {99},
journal = {Journal of Multivariate Analysis},
doi = {10.1016/j.jmva.2007.03.009}
}

@article{ferreira2014,
  author = "Ferreira, Ana and de Haan, Laurens",
  journal = "Bernoulli",
  number = "4",
  pages = "1717--1737",
  publisher = "Bernoulli Society for Mathematical Statistics and Probability",
  title = "The generalized {P}areto process; with a view towards application and simulation",
  doi = {10.3150/13-BEJ538},
  volume = "20",
  year = "2014"
}

@article{goix2017,
  title={Sparse representation of multivariate extremes with applications to anomaly detection},
  author={Goix, Nicolas and Sabourin, Anne and Cl{\'e}men{\c{c}}on, Stephan},
  journal={Journal of Multivariate Analysis},
  volume={161},
  pages={12--31},
  year={2017},
  publisher={Elsevier},
  doi={10.1016/j.jmva.2017.06.010}
}
@article{lijoi2009,
  author = "Lijoi, Antonio and Prünster, Igor",
  journal = "Statistics Surveys",
  pages = "47--95",
  publisher = "The American Statistical Association, the Bernoulli Society, the Institute of Mathematical Statistics, and the Statistical Society of Canada",
  title = "Distributional properties of means of random probability measures",
  doi={10.1214/09-SS041},
  volume = "3", 
  year = "2009"
}

@article{michel2008,
  title = "Some notes on multivariate generalized {P}areto distributions",
  journal = "Journal of Multivariate Analysis",
  volume = "99",
  number = "6",
  pages = "1288--1301",
  year = "2008",
  issn = "0047-259X",
  doi = {10.1016/j.jmva.2007.08.007},
  author = "René Michel",
  keywords = "Generalized {P}areto distribution, Extreme value distribution, Angular measure, Peaks over threshold, Logistic GPD",
}

@article{hanson2017,
  title = "Bernstein polynomial angular densities of multivariate extreme value distributions",
  journal = "Statistics \& Probability Letters",
  volume = "128",
  pages = "60--66",
  year = "2017",
  issn = "0167-7152",
  doi = {10.1016/j.spl.2017.03.030},
  author = "Timothy E. Hanson and Miguel {de Carvalho} and Yuhui Chen",
  keywords = "Angular measure, Multivariate Bernstein polynomials, Multivariate extreme values"
}

@article{nunez2019,
author = {N{\'u}{\~n}ez-Antonio, Gabriel and Geneyro, Emiliano},
year = {2019},
pages = {1--22},
title = {A multivariate projected {G}amma model for directional data},
journal = {Communications in Statistics - Simulation and Computation},
doi = {10.1080/03610918.2019.1612910}
}

@article{rootzen2018,
  title={Multivariate peaks over thresholds models},
  author={Rootz{\'e}n, Holger and Segers, Johan and Wadsworth, Jennifer L},
  journal={Extremes},
  volume={21},
  number={1},
  pages={115--145},
  year={2018},
  publisher={Springer},
  doi={10.1007/s10687-017-0294-4}
}

@Article{RoSeWa2018a,
  AUTHOR = {Rootz\'en, H. and Segers, J. and Wadsworth, J. L.},
  TITLE = {Multivariate generalized {P}areto distributions:
  Parametrizations, representations, and properties},
  JOURNAL = {Journal of Multivariate Analysis},
  VOLUME = {165},
  YEAR = {2018},
  PAGES = {117--131},
  doi={10.1016/j.jmva.2017.12.003}
}

@article{HaCaCh2017,
title = "Bernstein polynomial angular densities of multivariate
extreme value distributions",
journal = "Statistics and Probability Letters",
volume = "128",
pages = "60--66",
year = "2017",
author = "Hanson, Timothy E. and de Carvalho, Miguel  and 
Chen, Yuhui",
doi={10.1016/j.spl.2017.03.030}
}

@article{SaNa2014,
title = "Bayesian {D}richlet mixture model for multivariate extremes: A re-parametrization",
journal = "Computational Statistics \& Data Analysis",
volume = "71",
pages = "542--567",
year = "2014",
author = "Anne Sabourin and Philippe Naveau",
doi={10.1016/j.csda.2013.04.021}
}

@article{rootzen2006,
  title={Multivariate generalized {P}areto distributions},
  author={Rootz{\'e}n, Holger and Tajvidi, Nader},
  journal={Bernoulli},
  volume={12},
  number={5},
  pages={917--930},
  year={2006},
  publisher={Bernoulli Society for Mathematical Statistics and Probability},
  doi={10.3150/bj/1161614952}
}

@article{tuo2018,
  title={Uncertainty quantification with $\alpha$-stable-process models},
  author={Tuo, Rui},
  journal={Statistica Sinica},
  pages={553--576},
  year={2018},
  publisher={JSTOR},
  doi={10.5705/ss.202015.0367}
}

@article{nascimento2012,
  title={A semiparametric {B}ayesian approach to extreme value estimation},
  author={Fernando Ferraz do Nascimento, Dani Gamerman, and Hedibert Freitas Lopes},
  journal={Statistics and Computing},
  volume={22},
  number={2},
  pages={661--675},
  year={2012},
  publisher={Springer},
  doi={10.1007/s11222-011-9270-z}
}

@article{neal2000,
author = { Radford M.   Neal },
title = {Markov Chain Sampling Methods for {D}irichlet Process Mixture Models},
journal = {Journal of Computational and Graphical Statistics},
volume = {9},
number = {2},
pages = {249--265},
year  = {2000},
publisher = {Taylor & Francis},
doi = {10.1080/10618600.2000.10474879},
}

@article{gelfand1998,
 ISSN = {00063444},
 URL = {http://www.jstor.org/stable/2337305},
 author = {Alan E. Gelfand and Sujit K. Ghosh},
 journal = {Biometrika},
 number = {1},
 pages = {1--11},
 publisher = {[Oxford University Press, Biometrika Trust]},
 title = {Model Choice: A Minimum Posterior Predictive Loss Approach},
 volume = {85},
 year = {1998},
 doi={10.1093/biomet/85.1.1}
}

@article{gneiting2007,
  title={Strictly Proper Scoring Rules, Prediction, and Estimation},
  author={Gneiting, Tilmann and Raftery, Adrian E},
  journal={Journal of the American statistical Association},
  volume={102},
  number={477},
  pages={359--378},
  year={2007},
  publisher={Taylor \& Francis},
  doi={10.1198/016214506000001437}
}

@article{aitchison1982,
  title={The statistical analysis of compositional data},
  author={Aitchison, John},
  journal={Journal of the Royal Statistical Society: Series B (Methodological)},
  volume={44},
  number={2},
  pages={139--160},
  year={1982},
  publisher={Wiley Online Library},
  doi={10.1111/j.2517-6161.1982.tb01195.x}
}

@article{boltz2009,
  title={High-dimensional statistical measure for region-of-interest tracking},
  author={Boltz, Sylvain and Debreuve, Eric and Barlaud, Michel},
  journal={IEEE Transactions on Image Processing},
  volume={18},
  number={6},
  pages={1266--1283},
  year={2009},
  publisher={IEEE},
  doi={10.1109/TIP.2009.2015158}
}

@article{parzen1962,
  title={On estimation of a probability density function and mode},
  author={Parzen, Emanuel},
  journal={The annals of mathematical statistics},
  volume={33},
  number={3},
  pages={1065--1076},
  year={1962},
  publisher={JSTOR},
  doi={10.1214/aoms/1177704472}
}
@article{allen2013,
title = {{EVT} and tail-risk modelling: Evidence from market indices and volatility series},
journal = {The North American Journal of Economics and Finance},
volume = {26},
pages = {355-369},
year = {2013},
issn = {1062-9408},
author = {David E. Allen and Abhay K. Singh and Robert J. Powell},
keywords = {VaR, EVT, CVaR, ES},
doi={10.1016/j.najef.2013.02.010}
}
@article{trepanier2018,
  title={Event-based climatology of tropical cyclone rainfall in {H}ouston, {T}exas and {M}iami, {F}lorida},
  author={Trepanier, Jill C and Tucker, Clay S},
  journal={Atmosphere},
  volume={9},
  number={5},
  pages={170},
  year={2018},
  publisher={Multidisciplinary Digital Publishing Institute},
  doi={10.3390/atmos9050170}
}

@article{frechet1927,
  title={Sur la loi de probabilit{\'e} de l'{\'e}cart maximum},
  author={Fr{\'e}chet, Maurice},
  journal={Ann. Soc. Math. Polon.},
  volume={6},
  pages={93--116},
  year={1927}
}

@article{weibull1951,
  title={A statistical distribution function of wide applicability},
  author={Weibull, Waloddi and others},
  journal={Journal of applied mechanics},
  volume={18},
  number={3},
  pages={293--297},
  year={1951},
  publisher={New York},
  doi={10.1115/1.4010337}
}

@article{fisher1928,
  title={Limiting forms of the frequency distribution of the largest or smallest member of a sample},
  author={Fisher, Ronald Aylmer and Tippett, Leonard Henry Caleb},
  journal={Mathematical proceedings of the Cambridge philosophical society},
  volume={24},
  number={2},
  pages={180--190},
  year={1928},
  organization={Cambridge University Press},
  doi={10.1017/S0305004100015681}
}

@article{jenkinson1955,
  title={The frequency distribution of the annual maximum (or minimum) values of meteorological elements},
  author={Jenkinson, Arthur F},
  journal={Quarterly Journal of the Royal Meteorological Society},
  volume={81},
  number={348},
  pages={158--171},
  year={1955},
  publisher={Wiley Online Library},
  doi={10.1002/qj.49708134804}
}

@article{gumbel1935,
  title={Les valeurs extr{\^e}mes des distributions statistiques},
  author={Gumbel, Emil Julius},
  journal={Annales de l'institut Henri Poincar{\'e}},
  volume={5},
  number={2},
  pages={115--158},
  year={1935}
}
@article{gumbel1942,
  title={On the frequency distribution of extreme values in meteorological data},
  author={Gumbel, Emil Julius},
  journal={Bulletin of the American Meteorological Society},
  volume={23},
  number={3},
  pages={95--105},
  year={1942},
  publisher={JSTOR},
  doi={10.1175/1520-0477-23.3.95}
}

@book{beirlant2006,
  title={Statistics of extremes: theory and applications},
  author={Beirlant, Jan and Goegebeur, Yuri and Segers, Johan and Teugels, Jozef L},
  year={2006},
  publisher={John Wiley \& Sons},
  isbn={0-471-97647-4},
  doi={10.1002/0470012382}
}

@techreport{warner2018,
  title={Comparison and Assessment of the Extremes of Different Types of Climate Model Simulations},
  author={Warner, Mickey and Sans{\'o}, Bruno},
  year={2018},
  institution={University of California Santa Cruz},
  url={https://www.soe.ucsc.edu/sites/default/files/technical-reports/UCSC-SOE-18-12.pdf}
}

@incollection{beirlant1994,
  title={Extremes in non-life insurance},
  author={Beirlant, Jan and Teugels, Jozef L and Vynckier, Petra},
  booktitle={Extreme value theory and applications},
  pages={489--510},
  year={1994},
  publisher={Springer},
  doi={10.1007/978-1-4613-3638-9_30}
}

@article{balkema1974,
  title={Residual life time at great age},
  author={Balkema, August A and De Haan, Laurens},
  journal={The Annals of probability},
  pages={792--804},
  year={1974},
  publisher={JSTOR},
  doi={10.1214/aop/1176996548}
}

@article{pickands1975,
 ISSN = {00905364},
 URL = {http://www.jstor.org/stable/2958083},
 abstract = {A method is presented for making statistical inferences about the upper tail of a distribution function. It is useful for estimating the probabilities of future extremely large observations. The method is applicable if the underlying distribution function satisfies a condition which holds for all common continuous distribution functions.},
 author = {James Pickands},
 journal = {The Annals of Statistics},
 number = {1},
 pages = {119--131},
 publisher = {Institute of Mathematical Statistics},
 title = {Statistical Inference Using Extreme Order Statistics},
 volume = {3},
 year = {1975}
}

@INPROCEEDINGS{liu2000,
  author={Liu, Fei Tony and Ting, Kai Ming and Zhou, Zhi-Hua},
  booktitle={2008 Eighth IEEE International Conference on Data Mining},
  title={Isolation Forest},
  year={2008},
  volume={},
  number={},
  pages={413-422},
  doi={10.1109/ICDM.2008.17}
}

@article{breiman2001,
  title={Random forests},
  author={Breiman, Leo},
  journal={Machine learning},
  volume={45},
  number={1},
  pages={5--32},
  year={2001},
  publisher={Springer},
  doi={10.1023/A:1010933404324}
}

@inproceedings{ester1996,
  title={A density-based algorithm for discovering clusters in large spatial databases with noise},
  author={Ester, Martin and Kriegel, Hans-Peter and Sander, J{\"o}rg and Xu, Xiaowei and others},
  booktitle={kdd},
  volume={96},
  pages={226--231},
  year={1996}
}

@article{chalapathy2018anomaly,
  title={Anomaly detection using one-class neural networks},
  author={Chalapathy, Raghavendra and Menon, Aditya Krishna and Chawla, Sanjay},
  journal={arXiv preprint arXiv:1802.06360},
  year={2018}
}

@article{van2020,
  title={A survey on semi-supervised learning},
  author={Van Engelen, Jesper E and Hoos, Holger H},
  journal={Machine Learning},
  volume={109},
  number={2},
  pages={373--440},
  year={2020},
  publisher={Springer},
  doi={10.1007/s10994-019-05855-6}
}

@article{jentsch2007,
  title={A new generation of climate-change experiments: events, not trends},
  author={Jentsch, Anke and Kreyling, J{\"u}rgen and Beierkuhnlein, Carl},
  journal={Frontiers in Ecology and the Environment},
  volume={5},
  number={7},
  pages={365--374},
  year={2007},
  publisher={Wiley Online Library},
  doi={10.1890/1540-9295(2007)5[365:ANGOCE]2.0.CO;2}
}

@article{li2019,
  title={Larger increases in more extreme local precipitation events as climate warms},
  author={Li, Chao and Zwiers, Francis and Zhang, Xuebin and Chen, Gang and Lu, Jian and Li, Guilong and Norris, Jesse and Tan, Yaheng and Sun, Ying and Liu, Min},
  journal={Geophysical Research Letters},
  volume={46},
  number={12},
  pages={6885--6891},
  year={2019},
  publisher={Wiley Online Library},
  doi={10.1029/2019GL082908}
}

@article{vousdoukas2018,
  title={Global probabilistic projections of extreme sea levels show intensification of coastal flood hazard},
  author={Vousdoukas, Michalis I and Mentaschi, Lorenzo and Voukouvalas, Evangelos and Verlaan, Martin and Jevrejeva, Svetlana and Jackson, Luke P and Feyen, Luc},
  journal={Nature communications},
  volume={9},
  number={1},
  pages={1--12},
  year={2018},
  publisher={Nature Publishing Group},
  doi={10.1038/s41467-018-04692-w}
}

@article{falk2009,
  title={Testing for a multivariate generalized {P}areto distribution},
  author={Falk, Michael and Michel, Ren{\'e}},
  journal={Extremes},
  volume={12},
  number={1},
  pages={33--51},
  year={2009},
  publisher={Springer}
}

@article{falk2019,
  title={Generalized {P}areto copulas: A key to multivariate extremes},
  author={Falk, Michael and Padoan, Simone A and Wisheckel, Florian},
  journal={Journal of Multivariate Analysis},
  volume={174},
  pages={104538},
  year={2019},
  publisher={Elsevier},
  doi={10.1016/j.jmva.2019.104538}
}

@article{renard2007,
  title={Use of a {G}aussian copula for multivariate extreme value analysis: Some case studies in hydrology},
  author={Renard, Benjamin and Lang, Michel},
  journal={Advances in Water Resources},
  volume={30},
  number={4},
  pages={897--912},
  year={2007},
  publisher={Elsevier},
  doi={10.1016/j.advwatres.2006.08.001}
}

@article{deng2011,
author = {Deng, Ling and Ma, Chaoqun and Yang, Wenyu},
year = {2011},
pages = {171–181},
title = {Portfolio optimization via pair copula-{GARCH-EVT-CVaR} model},
volume = {2},
journal = {Systems Engineering Procedia},
doi = {10.1016/j.sepro.2011.10.020}
}

@article{rosenblatt1956,
author = {Murray Rosenblatt},
title = {{Remarks on Some Nonparametric Estimates of a Density Function}},
volume = {27},
journal = {The Annals of Mathematical Statistics},
number = {3},
publisher = {Institute of Mathematical Statistics},
pages = {832 -- 837},
year = {1956},
doi = {10.1214/aoms/1177728190},
URL = {https://doi.org/10.1214/aoms/1177728190}
}

@techreport{hutchings2021,
  title={Comparing Emulation Methods for  a High-resolution Storm Surge Model},
  author={Hutchings, Grant Christian and Sanso, Bruno and Gattiker, James R and Francom, Devin Craig and Pasqualini, Donatella},
  year={2021},
  institution={University of California, Santa Cruz},
  address={Santa Cruz, CA},
  number={UCSC-SOE-21-06}
}

@techreport{barata2020,
  title = {Fast Inference for Time-varying Quantiles via Flexible Dynamic Models with Application to the Characterization of Atmospheric Rivers},
  author = {Raquel Barata, Raquel Prado, Bruno Sans{\'o}},
  year={2020},
  institutution={University of California, Santa Cruz},
  address={Santa Cruz, CA},
  number={UCSC-SOE-20-14}
}

@article{green2015,
  title={Bayesian computation: a summary of the current state, and samples backwards and forwards},
  author={Green, Peter J and {\L}atuszy{\'n}ski, Krzysztof and Pereyra, Marcelo and Robert, Christian P},
  journal={Statistics and Computing},
  volume={25},
  number={4},
  pages={835--862},
  year={2015},
  publisher={Springer},
  doi={10.1007/s11222-015-9574-5}
}

@book{jelesnianski1992,
  title={{SLOSH}: Sea, lake, and overland surges from hurricanes},
  author={Jelesnianski, Chester P},
  volume={48},
  year={1992},
  publisher={US Department of Commerce, National Oceanic and Atmospheric Administration},
}

@article{chang2011,
 author = {Chang, Chih-Chung and Lin, Chih-Jen},
 title = {{LIBSVM}: A library for support vector machines},
 journal = {ACM Transactions on Intelligent Systems and Technology},
 volume = {2},
 issue = {3},
 year = {2011},
 pages = {27:1--27:27},
 note =	 {Software available at \url{http://www.csie.ntu.edu.tw/~cjlin/libsvm}},
 doi={10.1145/1961189.1961199}
}

@inproceedings{breunig2000,
  title={{LOF}: identifying density-based local outliers},
  author={Breunig, Markus M and Kriegel, Hans-Peter and Ng, Raymond T and Sander, J{\"o}rg},
  booktitle={Proceedings of the 2000 {ACM} {SIGMOD} international conference on Management of data},
  pages={93--104},
  year={2000},
  doi={10.1145/342009.335388}
}

@incollection{kramer2013,
  title={K-nearest neighbors},
  author={Kramer, Oliver},
  booktitle={Dimensionality reduction with unsupervised nearest neighbors},
  pages={13--23},
  year={2013},
  publisher={Springer},
  doi={10.1007/978-3-642-38652-7_2}
}

@article{mcnicholas2010,
  title={Model-based classification using latent {G}aussian mixture models},
  author={McNicholas, Paul D},
  journal={Journal of Statistical Planning and Inference},
  volume={140},
  number={5},
  pages={1175--1181},
  year={2010},
  publisher={Elsevier},
  doi={10.1016/j.jspi.2009.11.006}
}

@inproceedings{ackerman2010,
  title={Characterization of Linkage-based Clustering},
  author={Ackerman, Margareta and Ben-David, Shai and Loker, David},
  booktitle={COLT},
  volume={2010},
  pages={270--281},
  year={2010}
}

@article{hartigan1979,
  title={Algorithm {AS} 136: A k-means clustering algorithm},
  author={Hartigan, John A and Wong, Manchek A},
  journal={Journal of the royal statistical society. series c (applied statistics)},
  volume={28},
  number={1},
  pages={100--108},
  year={1979},
  publisher={JSTOR},
  doi={10.2307/2346830}
}

@book{dehaan2006,
  title={Extreme value theory: an introduction},
  author={De Haan, Laurens and Ferreira, Ana},
  volume={21},
  year={2006},
  publisher={Springer},
  isbn={978-0-387-23946-0},
  doi={10.1007/0-387-34471-3}
}

@article{ralph2013,
  title={Observed impacts of duration and seasonality of atmospheric-river landfalls on soil moisture and runoff in coastal northern California},
  author={Ralph, FM and Coleman, T and Neiman, PJ and Zamora, RJ and Dettinger, MD},
  journal={Journal of Hydrometeorology},
  volume={14},
  number={2},
  pages={443--459},
  year={2013},
  doi={10.1175/JHM-D-12-076.1}
}

@article{ralph2018,
  title={Defining “atmospheric river”: How the Glossary of Meteorology helped resolve a debate},
  author={Ralph, F Martin and Dettinger, Michael D and Cairns, Mary M and Galarneau, Thomas J and Eylander, John},
  journal={Bulletin of the American Meteorological Society},
  volume={99},
  number={4},
  pages={837--839},
  year={2018},
  publisher={American Meteorological Society},
  doi={10.1175/BAMS-D-17-0157.1}
}

@article{ralph2017,
  title={Dropsonde observations of total integrated water vapor transport within North {P}acific atmospheric rivers},
  author={Ralph, F Martin and Iacobellis, SF and Neiman, PJ and Cordeira, JM and Spackman, JR and Waliser, DE and Wick, GA and White, AB and Fairall, C},
  journal={Journal of Hydrometeorology},
  volume={18},
  number={9},
  pages={2577--2596},
  year={2017},
  doi={10.1175/JHM-D-17-0036.1}
}

@article{mackay2020,
  title={Assessment of return value estimates from stationary and non-stationary extreme value models},
  author={Mackay, Ed and Jonathan, Philip},
  journal={Ocean Engineering},
  volume={207},
  pages={107406},
  year={2020},
  publisher={Elsevier},
  doi={10.1016/j.oceaneng.2020.107406}
}

@article{guan2015,
  title={Detection of atmospheric rivers: Evaluation and application of an algorithm for global studies},
  author={Guan, Bin and Waliser, Duane E},
  journal={Journal of Geophysical Research: Atmospheres},
  volume={120},
  number={24},
  pages={12514--12535},
  year={2015},
  publisher={Wiley Online Library},
  doi={10.1002/2015JD024257}
}

@article{hastings1970,
  title={Monte {C}arlo sampling methods using {M}arkov chains and their applications},
  author={Hastings, W Keith},
  journal={Biometrika},
  volume={57},
  number={1},
  pages={97--109},
  year={1970},
  publisher={Oxford University Press},
  doi={10.1093/biomet/57.1.97}
}

@book{pappas1989,
  title={The joy of mathematics: Discovering mathematics all around you},
  author={Pappas, Theoni},
  year={1989},
  publisher={Wide World Pub Tetra}
}

@article{escobar1995,
  title={Bayesian density estimation and inference using mixtures},
  author={Escobar, Michael D and West, Mike},
  journal={Journal of the American Statistical Association},
  volume={90},
  number={430},
  pages={577--588},
  year={1995},
  publisher={Taylor \& Francis},
  doi={10.1080/01621459.1995.10476550}
}

% Added post-CSDA submission

@article{kiriliouk2018,
    author = {Anna Kiriliouk and Holger Rootzén and Johan Segers and Jennifer L. Wadsworth},
    title = {Peaks Over Thresholds Modeling With Multivariate Generalized Pareto Distributions},
    journal = {Technometrics},
    volume = {61},
    number = {1},
    pages = {123-135},
    year  = {2019},
    publisher = {Taylor & Francis},
    doi = {10.1080/00401706.2018.1462738},
    }
@article{rootzen2018gpd,
    title = {Multivariate generalized Pareto distributions: Parametrizations, representations, and properties},
    journal = {Journal of Multivariate Analysis},
    volume = {165},
    pages = {117-131},
    year = {2018},
    issn = {0047-259X},
    doi = {https://doi.org/10.1016/j.jmva.2017.12.003},
    author = {Holger Rootzén and Johan Segers and Jennifer L. Wadsworth},
    keywords = {Exceedances, Maxima, Stable tail dependence function, Tail copula, Linear combination},
    abstract = {Multivariate generalized Pareto distributions arise as the limit distributions of exceedances over multivariate thresholds of random vectors in the domain of attraction of a max-stable distribution. These distributions can be parametrized and represented in a number of different ways. Moreover, generalized Pareto distributions enjoy a number of interesting stability properties. An overview of the main features of such distributions is given, expressed compactly in several parametrizations, giving the potential user of these distributions a convenient catalogue of ways to handle and work with generalized Pareto distributions.}
    }

% Referenced in Point by Point

@article{boldi2007,
  title={A mixture model for multivariate extremes},
  author={Boldi, M-O and Davison, Anthony C},
  journal={Journal of the Royal Statistical Society: Series B (Statistical Methodology)},
  volume={69},
  number={2},
  pages={217--229},
  year={2007},
  publisher={Wiley Online Library}
}
@article{castro2018,
  title={Time-varying extreme value dependence with application to leading European stock markets},
  author={Castro-Camilo, Daniela and de Carvalho, Miguel and Wadsworth, Jennifer},
  journal={Annals of Applied Statistics},
  volume={12},
  pages={283--309},
  year={2018}
}
@article{carvalho2016,
  title={Statistics of extremes: Challenges and opportunities},
  author={de Carvalho, M},
  journal={Extreme events in finance: A handbook of extreme value theory and its applications},
  pages={195--213},
  year={2016},
  publisher={Wiley Online Library}
}
@article{carvalho2022,
  title={Regression-type analysis for multivariate extreme values},
  author={de Carvalho, Miguel and Kumukova, Alina and Dos Reis, Goncalo},
  journal={Extremes},
  pages={1--28},
  year={2022},
  publisher={Springer}
}
@article{einmahl2001,
  title={Nonparametric estimation of the spectral measure of an extreme value distribution},
  author={Einmahl, John HJ and Piterbarg, Vladimir I and De Haan, Laurens},
  journal={The Annals of Statistics},
  volume={29},
  number={5},
  pages={1401--1423},
  year={2001},
  publisher={Institute of Mathematical Statistics}
}
@article{einmahl2009,
  title={Maximum empirical likelihood estimation of the spectral measure of an extreme-value distribution},
  author={Einmahl, John HJ and Segers, Johan},
  journal={The Annals of Statistics},
  pages={2953--2989},
  year={2009},
  publisher={JSTOR}
}
@article{escobar2018,
  title={Local robust estimation of the Pickands dependence function},
  author={Escobar-Bach, Mikael and Goegebeur, Yuri and Guillou, Armelle},
  journal={The Annals of Statistics},
  volume={46},
  number={6A},
  pages={2806--2843},
  year={2018},
  publisher={JSTOR}
}
@article{guillotte2011,
  title={Non-parametric Bayesian inference on bivariate extremes},
  author={Guillotte, Simon and Perron, Fran{\c{c}}ois and Segers, Johan},
  journal={Journal of the Royal Statistical Society: Series B (Statistical Methodology)},
  volume={73},
  number={3},
  pages={377--406},
  year={2011},
  publisher={Wiley Online Library}
}
@article{mhalla2019,
  title={Regression-type models for extremal dependence},
  author={Mhalla, Linda and de Carvalho, Miguel and Chavez-Demoulin, Val{\'e}rie},
  journal={Scandinavian Journal of Statistics},
  volume={46},
  number={4},
  pages={1141--1167},
  year={2019},
  publisher={Wiley Online Library}
}
@article{sabourin2014,
  title={Bayesian Dirichlet mixture model for multivariate extremes: a re-parametrization},
  author={Sabourin, Anne and Naveau, Philippe},
  journal={Computational Statistics \& Data Analysis},
  volume={71},
  pages={542--567},
  year={2014},
  publisher={Elsevier}
}
@book{berg1984,
  title={Harmonic analysis on semigroups: theory of positive definite and related functions},
  author={Berg, Christian and Christensen, Jens Peter Reus and Ressel, Paul},
  volume={100},
  year={1984},
  publisher={Springer}
}


% EOF
